4600 5942
1852 546 2285 611 ...19-1

449 719 689 784 d’entre
729 716 822 780 les
866 714 1207 779 Nabateens
1253 719 1315 776 et
1358 719 1679 775 contenant
1722 729 1829 776 sur
1870 713 2115 777 Particle
2153 712 2227 777 de
2271 712 2327 777 la
2369 713 2566 797 magia
2611 713 2721 776 des
2766 713 2976 777 details
3031 712 3132 797 qui
3188 716 3371 792 [238]
3427 728 3672 777 ennon-

446 832 651 911 caient
694 828 803 895 des
848 826 1309 894 connaissances
1352 822 1712 904 proloudes3
1757 824 1905 887 mais
1950 825 2062 889 des
2117 824 2384 890 hommes
2437 825 2736 909 religieux
2789 833 2967 910 ayant
3015 825 3290 891 examine
3355 842 3428 887 ce
3496 824 3672 905 livre,

448 948 515 1006 et
556 940 887 1024 regardant
931 956 1164 1002 comme
1203 934 1409 1002 inutile
1453 941 1515 997 et
1556 934 1756 998 illicite
1796 940 1925 999 tout
1969 956 2041 1000 ce
2085 936 2183 1019 qui
2227 938 2572 1001 concernait
2615 937 2673 1001 le
2718 937 2982 1023 chapitre
3011 937 3119 1001 des
3160 935 3672 1021 enchantements,

448 1072 521 1118 se
544 1053 868 1116 bornerent
903 1052 938 1113 a
982 1049 1279 1125 transcire
1322 1062 1396 1109 ce
1441 1047 1542 1127 qul
1584 1047 1742 1109 avait
1785 1048 1923 1109 trait
1968 1067 2085 1112 anx
2125 1050 2461 1132 vegetaux,
2507 1048 2705 1112 alem·
2761 1043 3179 1130 plantation,'a
3234 1049 3369 1112 leur
3419 1048 3672 1128 culture,

452 1173 516 1229 et
558 1164 998 1246 supprimerent
1037 1160 1094 1224 le
1136 1166 1324 1226 reste.
1372 1156 1456 1220 Ce
1480 1156 1566 1221 sut
1610 1176 1685 1221 en
1730 1159 1965 1225 suivant
2008 1166 2173 1225 cette
2214 1138 2492 1225 methodo
2531 1160 2630 1242 qu’
2660 1160 2791 1224 Ebu
2820 1163 3032 1225 Awam
3076 1160 3271 1242 publia
3322 1178 3403 1225 un
3458 1160 3676 1223 extruit

445 1276 529 1341 de
571 1273 990 1360 l’Agriculture
1034 1272 1424 1337 nabate'enne.
1509 1269 1596 1333 La
1638 1270 1832 1352 partie
1872 1271 1977 1353 qui
2020 1271 2233 1335 traitait
2278 1272 2387 1336 des
2440 1272 2722 1337 sciences
2764 1271 3057 1352 occulteS,
3115 1279 3280 1336 resta
3333 1272 3675 1354 complete-

450 1395 621 1452 ment
662 1386 961 1469 negligee,
1000 1383 1207 1468 jusqu’
1250 1382 1284 1444 a
1329 1398 1399 1444 ce
1441 1399 1561 1461 que
1605 1379 1952 1461 Moslemab,
1998 1381 2148 1448 dans
2193 1401 2292 1447 ses
2339 1398 2646 1468 ouvrages
2707 1400 2814 1449 sur
2856 1383 2912 1449 la
2946 1384 3173 1469 magie,
3232 1402 3308 1447 eu
3339 1384 3676 1448 transcrivit

449 1498 541 1564 les
585 1498 897 1581 questions
938 1495 1030 1559 les
1074 1494 1207 1577 plus
1248 1494 1655 1574 importantes.

392 1612 399 1619 ’
752 1606 1079 1689 conquirat
1121 1606 1334 1689 igitur,
1392 1603 1444 1667 si
1496 1620 1600 1666 res
1654 1603 1800 1666 tanti
1842 1600 2138 1679 videatur,
2190 1604 2562 1673 Judaeorum
2604 1623 2758 1669 uuus
2804 1605 3068 1685 alterve,
3121 1607 3221 1689 qui
3266 1613 3465 1670 tamen
3508 1614 3672 1671 artes

450 1722 746 1805 ingenuas
790 1718 1043 1785 fideliter
1087 1716 1382 1794 didicerit,
1424 1733 1836 1797 quaecumque
1880 1715 2032 1801 apud
2075 1715 2395 1799 populares
2426 1734 2570 1781 suos
2594 1717 2791 1800 operis
2824 1716 2979 1781 illius
3022 1719 3293 1783 nabataei
3333 1717 3673 1801 fragmenta

458 1840 716 1902 exstant.
802 1833 865 1894 in
908 1828 1255 1914 geopouicis
1298 1826 1540 1910 graecis
1585 1833 1649 1888 ut
1704 1825 1883 1889 facile
1928 1844 2084 1907 quae
2143 1828 2519 1891 conciuerint
2566 1828 2852 1912 indagare
2895 1832 3088 1912 possit
3138 1829 3565 1894 vocabulorum
3618 1838 3683 1892 et

458 1963 662 2011 rerum
705 1948 1073 2008 narratarum
1126 1937 1402 2005 indiculis
1458 1957 1496 2002 a
1537 1934 1794 2002 Niclasio
1866 1936 2159 2001 consectis
2223 1940 2531 2021 provisum
2597 1948 2708 2006 est.
2798 1942 2851 2005 si
2907 1959 3130 2026 graece
3193 1959 3316 2005 non
3380 1942 3683 2004 invenerit

453 2063 743 2137 (namque
786 2053 947 2118 haud
982 2066 1173 2136 pauca
1216 2050 1290 2114 ab
1335 2049 1694 2113 editionibus
1736 2050 1962 2113 nostris
2007 2049 2241 2129 absunt,
2284 2049 2447 2114 velut
2490 2059 2665 2134 caput
2700 2052 2776 2116 de
2804 2054 3097 2137 grandine
3137 2053 3459 2117 avertenda
3490 2071 3677 2137 agens

456 2169 733 2237 Maimon.
775 2167 933 2235 doct.
977 2162 1245 2247 perplex.
1291 2156 1373 2227 111
1416 2165 1500 2229 37
1545 2178 1601 2241 p.
1662 2164 1788 2231 446
1834 2161 2005 2231 Buxt.
2061 2160 2251 2245 Geop.
2307 2160 2333 2227 1
2391 2164 2537 2242 14),
2591 2162 2666 2228 ad
2719 2164 3059 2231 versionem
3113 2165 3409 2248 syriacam
3463 2172 3524 2228 et
3579 2184 3676 2229 me
3775 2148 3792 2159 ’

454 2281 649 2364 ipsum
694 2277 751 2345 ei
795 2273 1259 2361 confugiendum
1306 2274 1439 2341 erit.
1528 2290 1709 2355 quum
1753 2279 1947 2334 autem
1994 2271 2190 2336 codex
2231 2292 2402 2336 meus
2447 2276 2718 2359 syriacus
2761 2276 2996 2341 mutilus
3039 2277 3142 2355 sit,
3186 2295 3406 2341 vereor
3449 2294 3530 2339 ne
3573 2276 3678 2340 in-

459 2392 693 2456 terdum
738 2390 841 2471 qui
883 2387 1035 2451 baec
1091 2385 1506 2468 investiganda
1557 2385 1881 2465 sumpserit
1932 2384 2005 2449 ad
2056 2384 2245 2448 libros
2297 2386 2568 2450 arabicos
2628 2406 2698 2451 se
2750 2389 3030 2471 recipere
3082 2388 3317 2457 debeat.
3404 2388 3682 2470 equidem

455 2520 822 2587 magnopere
870 2497 1118 2577 cavebo,
1160 2515 1237 2559 ne
1284 2496 1359 2560 de
1401 2490 1492 2559 his
1538 2493 1821 2559 audacius
1863 2495 2081 2578 aliquid
2124 2499 2536 2578 pronunciem,
2578 2516 2758 2581 quum
2801 2508 2862 2565 et
2906 2500 2985 2565 de
3027 2499 3398 2565 Sabaeorum
3454 2499 3672 2583 religi-

455 2630 580 2680 one
622 2633 657 2677 a
691 2615 916 2698 juvene
962 2609 1305 2674 doctissimo
1349 2624 1507 2672 nunc
1554 2613 1903 2688 quaeratur,
1950 2609 2050 2689 qui
2092 2607 2301 2672 faeere
2346 2624 2468 2673 nen
2513 2610 2754 2692 poterit,
2817 2613 2956 2693 quin
3018 2612 3089 2674 ad
3148 2610 3259 2675 bos
3303 2610 3673 2676 Maimonidis

455 2700 630 2791 locos
674 2724 928 2789 animum
973 2721 1245 2785 advertat
1287 2721 1366 2783 de
1420 2718 1581 2783 cultu
1630 2718 1763 2783 deis
1814 2736 1851 2783 a
1890 2717 2137 2785 Sabaeis
2190 2720 2453 2784 exhibito
2517 2728 2582 2785 et
2643 2722 2721 2787 de
2763 2724 2900 2806 agri
2962 2724 3193 2787 cultura
3234 2725 3455 2787 sabaea
3497 2721 3673 2786 simul

457 2844 738 2923 agentes,
783 2840 845 2897 et
886 2833 1017 2916 ipse
1059 2828 1575 2913 persuasissimum
1629 2824 1910 2911 habeam,
1975 2828 2051 2894 de
2118 2828 2465 2916 fragmentis
2507 2835 2784 2913 ,auctoris
2850 2833 3064 2916 perditi
3126 2835 3422 2898 neminem
3485 2849 3670 2918 agere

452 2949 683 3015 debere
724 2946 841 3010 nisi
885 2946 989 3027 qui
1031 2960 1245 3007 omnes
1284 2942 1471 3005 libros
1515 2941 1873 3021 exmsserit,
1919 2942 2129 3023 quibus
2173 2944 2330 3007 illius
2373 2943 2592 3026 aliquid
2634 2946 2824 3026 possit
2868 2945 3246 3012 delitescere.

754 3054 981 3123 Verum
1021 3054 1140 3119 boc
1182 3053 1315 3117 loco
1359 3050 1803 3118 consistendum
1847 3052 1985 3119 mibi
2032 3072 2175 3123 esse
2216 3054 2419 3135 video,
2462 3073 2643 3136 quum
2688 3073 2795 3119 eos
2840 3055 2936 3136 qui
2969 3054 3186 3119 civium
3231 3072 3502 3121 meorum
3525 3053 3670 3139 lege

452 3167 939 3235 commentationi
983 3165 1195 3229 huicce
1241 3163 1400 3227 fines
1444 3163 1650 3248 scripti
1694 3170 1831 3228 sunt
1863 3166 1986 3251 jam
2033 3168 2350 3253 attigerim.
2418 3165 2694 3249 equidem
2740 3178 2917 3249 quum
2964 3184 3175 3231 mense
3202 3168 3358 3249 Majo
3402 3167 3672 3230 interro-

457 3299 681 3366 gater,
763 3284 1047 3361 parataue
1132 3274 1422 3339 babet-em
1502 3293 1580 3338 an
1662 3293 1904 3358 possem
1976 3292 2192 3360 parare
2269 3296 2425 3361 quae
2508 3295 2720 3341 mense
2787 3279 3124 3359 Septembri
3200 3280 3289 3341 eis
3355 3296 3507 3359 qnae
3583 3277 3665 3343 de

456 3392 667 3459 schola
691 3388 893 3456 nostra=
913 3388 1203 3453 narranda
1224 3386 1424 3450 forent
1465 3384 1840 3470 praefaturus
1872 3384 2145 3470 ederem,
2178 3388 2332 3454 baud
2363 3396 2647 3473 gravatus
2676 3397 3012 3473 paraturum
3055 3408 3153 3453 me
3195 3407 3336 3453 esse
3359 3389 3673 3472 respondi,

460 3522 582 3569 non
628 3502 786 3585 quod
829 3501 1001 3579 hanc,
1047 3517 1218 3582 quam
1260 3499 1341 3562 de
1381 3500 1763 3583 geoponicon
1808 3500 2091 3565 versione
2134 3503 2370 3585 syriaca
2421 3501 2825 3565 narrationem
2881 3502 3273 3566 conscribere
3323 3501 3478 3584 apud
3532 3502 3673 3566 ani-

462 3636 624 3680 mum
664 3624 786 3680 tum
840 3609 1301 3692 constituissem,
1356 3612 1559 3695 magni
1612 3610 1874 3677 iacerem
1925 3613 2032 3694 (de
2087 3632 2204 3696 qua
2254 3632 2378 3678 non
2429 3631 2671 3698 possum
2735 3632 2858 3679 non
2919 3612 3358 3679 modestissime
3426 3613 3674 3694 sentire,
3763 3612 3772 3633 ⁶

466 3744 650 3812 quum
692 3742 776 3790 ne
818 3724 925 3788 bas
966 3725 1221 3788 rusticas
1266 3721 1503 3805 quidem
1553 3721 1896 3809 quisquilias
1949 3741 2025 3788 ea
2071 3724 2414 3792 coniectum
2467 3726 2540 3790 iri
2582 3725 2785 3809 sciam,
2830 3726 3043 3791 villicis
3088 3726 3242 3806 illas,
3288 3725 3404 3790 nisi
3466 3732 3672 3789 essent

464 3837 765 3923 quaedam
803 3837 1069 3919 majores
1110 3836 1203 3899 rei
1243 3835 1526 3919 rationes,
1569 3834 2048 3917 relinquendas),
2092 3837 2202 3900 sed
2245 3837 2407 3919 quod
2452 3839 2825 3903 occasionem
2881 3839 3134 3902 oblatam
3191 3855 3333 3901 esse
3392 3837 3673 3901 videbam

468 3951 547 4017 de
590 3950 682 4014 eis
742 3967 894 4030 quac
938 3966 1127 4030 penes
1181 3964 1278 4010 me
1320 3962 1628 4010 servarem
1670 3942 2049 4024 ἀνεκδότοις
2103 3949 2443 4031 exponendi
2484 3949 2914 4032 cupiebamque
2958 3947 3113 4013 baec
3155 3948 3299 4012 viris
3352 3947 3538 4015 docus
3591 3948 3674 4012 ita

464 4062 742 4145 probare,
784 4067 851 4123 ut
893 4057 1192 4122 literarum
1222 4055 1535 4121 commodo
1576 4056 1675 4121 edi
1716 4057 2070 4142 flagitarent.
2158 4063 2441 4145 experior
2486 4063 2690 4147 igitur,
2732 4078 2870 4126 num
2903 4078 3084 4143 quem
3119 4058 3417 4125 adducere
3445 4050 3670 4141 possim

463 4184 531 4241 ut
568 4172 781 4239 studiis
822 4168 991 4235 hisce
1033 4168 1233 4234 faveat
1274 4176 1338 4233 et
1378 4168 1805 4253 patrocinetur.
1844 4170 1901 4234 si
1945 4170 2039 4235 cui
2061 4190 2207 4237 vero
2229 4191 2342 4255 pro
2366 4174 2705 4257 scriptionis
2736 4172 2968 4257 publiea
3001 4175 3350 4238 auctoritate
3382 4171 3672 4257 emitten-

464 4285 580 4349 dae
625 4283 911 4369 dignitate
954 4298 1158 4361 parum
1200 4278 1398 4345 limate
1443 4280 1836 4365 disputavisse
1879 4282 2043 4345 visus
2087 4282 2283 4361 suere,
2329 4302 2577 4367 quaeso,
2624 4305 2701 4349 ne
2745 4304 2914 4351 meae
2957 4283 3239 4348 voluntati
3266 4285 3463 4367 potius
3493 4300 3676 4348 meo-

460 4412 584 4479 que
627 4394 820 4459 studio
864 4411 1038 4475 quam
1078 4391 1441 4475 amplitudini
1482 4412 1685 4457 rerum
1730 4393 2180 4474 tractandarum,
2224 4399 2511 4479 temporis
2570 4416 2690 4480 quo
2743 4397 2892 4461 baec
2943 4394 3378 4461 conscribenda
3433 4396 3676 4459 fuerunt

465 4506 757 4581 brevitati,
817 4504 986 4587 spatii
1044 4505 1302 4587 denique
1352 4504 1625 4589 permissi
1679 4505 1970 4597 angpstiis
2020 4502 2081 4572 id
2140 4505 2518 4573 tribuendum
2571 4517 2755 4594 putet.
2840 4517 3021 4591 atque
3074 4508 3151 4571 ita
3204 4505 3355 4572 baec
3409 4509 3674 4571 virorum

464 4619 782 4683 doctorum
826 4614 1068 4680 etidei
1112 4622 1173 4679 et
1222 4616 1418 4683 studio
1465 4618 1782 4683 commissa
1826 4624 2020 4685 sunto.

1865 4800 2217 4869 Alnnotatio
2269 4805 2314 4859 1.
2379 4762 2386 4769 ·

764 4899 839 4953 ΠΟ
874 4899 1196 4968 ΜΜΡΜ*
1229 4901 1474 4969 symm
1516 4903 1848 4971 Ρθῐίνίοΰῦα
1898 4920 2061 4972 nuper
2102 4905 2256 4961 docte
2290 4908 2401 4977 egit
2434 4908 2494 4961 Ε.
2531 4906 2706 4961 Renan
2742 4906 3050 4961 trecorensis
3082 4903 3270 4974 (Paria.
3309 4905 3485 4973 18⁶2),
3524 4903 3670 4971 cujus

382 5000 429 5035 ι,
464 4970 537 5025 nd
570 4969 755 5025 librum
792 4985 923 5038 quae
960 4969 1197 5027 addenda
1234 4968 1402 5025 habeo
1438 4972 1573 5025 beec
1604 4980 1737 5036 suut,
1766 4989 1901 5033 ,casu
1928 4974 2019 5027 illa
2055 4974 2249 5041 oblate,
2278 4994 2436 5045 quum
2469 4976 2569 5029 alia
2607 4990 2933 5045 quaererem:

674 5038 824 5092 Probi
860 5041 1061 5103 (Reuan
1096 5057 1143 5109 p.
1182 5041 1261 5095 14.
1300 5042 1390 5107 15)
1426 5042 1677 5113 quaedam
1714 5049 1910 5095 exstant
1945 5043 2066 5095 cod.
2102 5058 2230 5098 mua.
2267 5044 2381 5098 brit.
2417 5044 2584 5101 12154
2630 5048 2665 5100 i'.
2709 5045 2809 5098 237
2847 5045 2910 5099 A.

466 5108 538 5159 de
582 5108 767 5178 Sergio
817 5110 1013 5172 „archi
1137 5112 1177 5141 ‘⁸
1206 5126 1345 5179 quae
1392 5113 1549 5163 refert
1593 5110 1944 5167 Dar-hebraeus
1990 5113 2196 5175 (uon--
2236 5130 2285 5181 p.
2317 5116 2426 5181 24)
2467 5131 2498 5169 e
2539 5114 2828 5169 Zachariae
2864 5112 3070 5166 historia
3122 5109 3471 5164 ecclesiastica
3509 5108 3679 5164 hausit

470 5176 543 5230 ΙΧ
578 5176 669 5245 19,
723 5177 945 5235 docente
977 5196 1005 5233 c
1101 5195 1165 5233 ce
1198 5194 1324 5239 uua.
1364 5179 1475 5235 brit.
1516 5181 1679 5237 mu
1716 5182 1751 5233 t'.
1790 5181 1885 5237 151
1920 5170 1979 5241 B.

1672 5352 1789 5429 -Ἷ
2335 5406 2400 5513 ζ,
2529 5350 2696 5517 :O-
3179 5326 3274 5404 3*

2375 5534 2632 5829 <⁷²
